@article{wiley,
    title = {Computer Simulation Techniques},
    author = "John Wiley and Sons",
    journal = "Journal of the Franklin Institute",
    volume = "288",
    number = "10",
    year = "1968",
    DOI = "10.1016/0016-0032(69)00211-0",
}

@article{tits-veeken,
    title = {Simulation of a queueing problem with balking},
    author = "M. van Tits and H. van der Veeken",
    journal = "SIMULATION: Transactions of the Society for Modeling and Simulation",
    volume = "35",
    pages = "89",
    year = "1980",
    DOI = "10.1177/003754978003500303",
}

@book{bolch-gunter,
    title = {Queueing Networks and Markov Chains},
    author = "Bolch, Gunter; Greiner, Stefan; de Meer, Hermann; Trivedi, Kishor S.",
    DOI = "10.1002/0471200581.ch6",
    pages = "209--262",
    year = {1998},
}

@book{allen,
    title = {Probability, Statistics and Queueing Theory, with Computer Science Applications},
    author = "Allen",
    DOI = "10.2307/2287863",
    pages = "679--680",
    year = {1981},
}

@book{willy-feller,
    title = {Die Grundlagen der Volterraschen Theorie des Kampfes ums Dasein in wahrscheinlichkeitstheoretischer Behandlung},
    author = "Willy Feller",
    DOI = "10.1007/bf01602932",
    volume = "5",
    pages = "11--40",
    year = {1939},
}

@article{tijms,
    title = {Approximations for the Steady-State Probabilities in the M/G/c Queue},
    author = "H. C. Tijms, M. H. Van Hoorn and A. Federgruen",
    journal = "Advances in Applied Probability",
    volume = "13",
    pages = " 186--206",
    year = "1981",
    DOI = "10.2307/1426474",
}
